<record xmlns="http://www.loc.gov/MARC21/slim">
  <leader>01244ntm a2200337 i 4500</leader>
  <controlfield tag="001">7018858</controlfield>
  <controlfield tag="003">OCoLC</controlfield>
  <controlfield tag="005">20150526094544.0</controlfield>
  <controlfield tag="008">150526s1947    abca     bm   000 0 eng d</controlfield>
  <datafield tag="035" ind1=" " ind2=" ">
    <subfield code="a">ocn911177502</subfield>
  </datafield>
  <datafield tag="039" ind1=" " ind2=" ">
    <subfield code="a">(OCoLC)910105029</subfield>
    <subfield code="f">OCLC</subfield>
  </datafield>
  <datafield tag="040" ind1=" " ind2=" ">
    <subfield code="a">AEU</subfield>
    <subfield code="b">eng</subfield>
    <subfield code="e">rda</subfield>
    <subfield code="c">LTSCA</subfield>
    <subfield code="d">AEU</subfield>
  </datafield>
  <datafield tag="050" ind1=" " ind2="4">
    <subfield code="a">TA418.54</subfield>
    <subfield code="b">.Z45 1947</subfield>
  </datafield>
  <datafield tag="090" ind1=" " ind2=" ">
    <subfield code="a">TA 418.54 Z45 1947</subfield>
    <subfield code="b">AEU</subfield>
  </datafield>
  <datafield tag="100" ind1="1" ind2=" ">
    <subfield code="a">Zeiler, Fred,</subfield>
    <subfield code="e">author.</subfield>
  </datafield>
  <datafield tag="245" ind1="1" ind2="4">
    <subfield code="a">The thermal conductivity of napalm-gasoline mixtures in the temperature range from -50°C to +50°C /</subfield>
    <subfield code="c">by Fred Zeiler.</subfield>
  </datafield>
  <datafield tag="264" ind1=" " ind2="0">
    <subfield code="a">[Edmonton, Alberta] :</subfield>
    <subfield code="b">University of Alberta,</subfield>
    <subfield code="c">1947.</subfield>
  </datafield>
  <datafield tag="300" ind1=" " ind2=" ">
    <subfield code="a">55 leaves :</subfield>
    <subfield code="b">illustrations ;</subfield>
    <subfield code="c">25 cm</subfield>
  </datafield>
  <datafield tag="336" ind1=" " ind2=" ">
    <subfield code="a">text</subfield>
    <subfield code="b">txt</subfield>
    <subfield code="2">rdacontent</subfield>
  </datafield>
  <datafield tag="337" ind1=" " ind2=" ">
    <subfield code="a">unmediated</subfield>
    <subfield code="b">n</subfield>
    <subfield code="2">rdamedia</subfield>
  </datafield>
  <datafield tag="338" ind1=" " ind2=" ">
    <subfield code="a">volume</subfield>
    <subfield code="b">nc</subfield>
    <subfield code="2">rdacarrier</subfield>
  </datafield>
  <datafield tag="500" ind1=" " ind2=" ">
    <subfield code="a">Thesis.</subfield>
  </datafield>
  <datafield tag="502" ind1=" " ind2=" ">
    <subfield code="b">M.Sc.</subfield>
    <subfield code="c">University of Alberta</subfield>
    <subfield code="d">1947.</subfield>
  </datafield>
  <datafield tag="504" ind1=" " ind2=" ">
    <subfield code="a">Includes bibliographical references (leaf 33).</subfield>
  </datafield>
  <datafield tag="596" ind1=" " ind2=" ">
    <subfield code="a">38</subfield>
  </datafield>
  <datafield tag="650" ind1=" " ind2="0">
    <subfield code="a">Thermal conductivity.</subfield>
  </datafield>
  <datafield tag="650" ind1=" " ind2="0">
    <subfield code="a">Napalm</subfield>
    <subfield code="x">Thermal conductivity.</subfield>
  </datafield>
  <datafield tag="650" ind1=" " ind2="0">
    <subfield code="a">Gasoline</subfield>
    <subfield code="x">Thermal conductivity.</subfield>
  </datafield>
  <datafield tag="710" ind1="2" ind2=" ">
    <subfield code="a">University of Alberta.</subfield>
    <subfield code="b">Department of Chemistry.</subfield>
  </datafield>
  <datafield tag="949" ind1=" " ind2=" ">
    <subfield code="a">TA 418.54 Z45 1947</subfield>
    <subfield code="h">UABA-NL-B</subfield>
    <subfield code="i">0162034485662</subfield>
    <subfield code="o">B29754</subfield>
    <subfield code="z">OCLC_ORIG</subfield>
  </datafield>
  <datafield tag="926" ind1=" " ind2=" ">
    <subfield code="a">UABARD</subfield>
    <subfield code="b">ON_SHELF</subfield>
    <subfield code="c">TA 418.54 Z45 1947</subfield>
    <subfield code="d">NO_LOAN</subfield>
    <subfield code="f">1</subfield>
  </datafield>
</record>
